@article{Warren_food_1921,
	title = {Why I Like Fruits and Vegetables},
	volume = {116},
	journal = {Balanced Plates},
	author = {Warren, George},
	month = feb,
	year = {1921},
	pages = {146--152},
}

@article{Berry_food_2018,
	title = {The Need to Study Classrooms in Warren Hall},
	volume = {114},
	journal = {Classroom Designs},
	author = {Berry, Straw},
	month = aug,
	year = {2018},
	pages = {26--952},
}